<?xml version="1.0" encoding="UTF-8"?><collection xmlns="http://www.loc.gov/MARC21/slim"><record><leader>00613nam--2200181-i-4500</leader><controlfield tag="001">000011127</controlfield><controlfield tag="002">20161230</controlfield><controlfield tag="005">20161230201029</controlfield><controlfield tag="008">060222s1000------------r-----000-0-eng-d</controlfield><datafield ind1=" " ind2=" " tag="020"><subfield code="a">0444410694</subfield></datafield><datafield ind1=" " ind2=" " tag="040"><subfield code="a">IFIN-HH</subfield></datafield><datafield ind1=" " ind2=" " tag="080"><subfield code="a">539.196</subfield></datafield><datafield ind1="1" ind2=" " tag="100"><subfield code="a">Cyvin, S.J</subfield></datafield><datafield ind1="1" ind2="0" tag="245"><subfield code="a">Molecular structures and vibrations</subfield><subfield code="b">Selected contributions to theoretical and experimental studies of polyatomic molecules by spectroscopic methods and gas electron diffraction</subfield><subfield code="c">S.j. cyvin (ed.)</subfield></datafield><datafield ind1=" " ind2=" " tag="260"><subfield code="a">Amsterdam</subfield><subfield code="b">Elsevier Publishing Company</subfield><subfield code="c">1972</subfield></datafield><datafield ind1=" " ind2=" " tag="300"><subfield code="a">533P</subfield></datafield><datafield ind1=" " ind2=" " tag="852"><subfield code="a">40936</subfield><subfield code="c">539.19</subfield></datafield><datafield ind1=" " ind2=" " tag="CAT"><subfield code="a">Sys</subfield><subfield code="c">20120713</subfield><subfield code="h">135355</subfield></datafield></record></collection>